@article{baker1957review,
  title={Review of DD Mc-Cracken, Digital co\~{} rputer programming},
  author={Baker, Charles L},
  journal={Math. Comput},
  volume={11},
  number={60},
  pages={298--305},
  year={1957}
}
@book{ramsin2006engineering,
  title={The engineering of an object-oriented software development methodology},
  author={Ramsin, Raman},
  year={2006},
  publisher={University of York}
}
@article{andres2004extreme,
  title={Extreme Programming Explained: Embrace Change},
  author={Andres, Cynthia and Beck, Kent},
  journal={Reading: Addison-Wesley Professional},
  year={2004}
}
@online{manifesto, 
  title={Manifesto for Agile Software Development},
  author={Beck, Kent and Beedle, Mike and Van Bennekum, Arie and Cockburn, Alistair and Cunningham, Ward and Fowler, Martin and Grenning, James and Highsmith, Jim and Hunt, Andrew and Jeffries, Ron and others},
  publisher={Agile Manifesto Website},
  year={2001},
  url={http://agilemanifesto.org/},
  urldate={2016-08-10}
}
@online{ghahrai,
  title={12 Principles of Agile Testing},
  author={Amir Ghahrai},
  publisher={Linkedin Pulse},
  year={2016},
  url={https://www.linkedin.com/pulse/12-principles-agile-testing-amir-ghahrai?trk=prof-post},
  urldate={2016-08-10}
}
@online{testinghistory,
  title={The History of Software Testing},
  author={Joris Meerts},
  publisher={Testing References Website},
  year={2015},
  url={http://www.testingreferences.com/testinghistory.php},
  urldate={2016-08-10}
}
@online{agileModeling:specByExample,
  title={Agile Best Practice: Executable Specifications},
  author={Scott W. Ambler},
  publisher={Agile Modeling Website},
  year={2015},
  url={http://agilemodeling.com/essays/executableSpecifications.htm},
  urldate={2016-08-10}
}
@online{ambysoft:agileTesting,
  title={Agile Testing and Quality Strategies: Discipline Over Rhetoric},
  author={Scott W. Ambler},
  publisher={Ambysoft Website},
  year={2014},
  url={http://www.ambysoft.com/essays/agileTesting.html},
  urldate={2016-08-10}
}
@online{agileVsWaterfall,
  title={Agile vs Waterfall},
  author={Jonathan Rasmusson},
  publisher={Agile In a Nutshell},
  year={2016},
  url={http://www.agilenutshell.com/agile_vs_waterfall},
  urldate={2016-08-10}
}
@book{beck2003test,
  title={Test-driven development: by example},
  author={Beck, Kent},
  year={2003},
  publisher={Addison-Wesley Professional}
}
@book{gartner2012atdd,
  title={ATDD by example: a practical guide to acceptance test-driven development},
  author={G{\"a}rtner, Markus},
  year={2012},
  publisher={Addison-Wesley}
}
@phdthesis{laycock1993theory,
  title={The theory and practice of specification based software testing},
  author={Laycock, Gilbert Thomas},
  year={1993},
  school={Citeseer}
}
@article{luo2001software,
  title={Software testing techniques},
  author={Luo, Lu},
  journal={Institute for software research international Carnegie mellon university Pittsburgh, PA},
  volume={15232},
  number={1-19},
  pages={19},
  year={2001}
}
@article{adrion1982validation,
  title={Validation, verification, and testing of computer software},
  author={Adrion, W Richards and Branstad, Martha A and Cherniavsky, John C},
  journal={ACM Computing Surveys (CSUR)},
  volume={14},
  number={2},
  pages={159--192},
  year={1982},
  publisher={ACM}
}
@book{musa1987software,
  title={Software reliability: measurement, prediction, application},
  author={Musa, John D and Iannino, Anthony and Okumoto, Kazuhira},
  year={1987},
  publisher={McGraw-Hill, Inc.}
}  
@article{beizer20672software,
  title={Software Testing Techniques},
  year={1990},
  author={Beizer, Boris},
  journal={New York, ISBN: 0-442-20672-0}
}
@book{book:57146,
   title =     {Unit Testing in Java: How Tests Drive the Code},
   author =    {Johannes Link},
   publisher = {Morgan Kaufmann},
   isbn =      {1558608680,9781558608689,9780080520179},
   year =      {2003},
   series =    {The Morgan Kaufmann Series in Software Engineering and Programming},
   edition =   {1},
}
   
@online{sharif:thesisguide,
  author = {Asadi, Maryam and Seyfi, Khayron-nesa},
  title = {A guide to M.Sc. and Ph.D. thesis writing},
  publisher = {Central Library, Sharif University of Technology},
  year = {2014},
  url = {http://sharif.edu/~library/Guide_Theses.pdf},
  urldate = {2014-05-11}
}
@online {sharif:cesite,
  author = {Saman Barghi},
  title = {{SharifCE - Home}},
  publisher = {Official Website of Computer Engineering Department, Sharif University of Technology},
  year = {2013},
  url = {http://ce.sharif.edu/},
  urldate = {2014-05-11}
}
@online {persiancomputing:keyboard,
  author = {},
  title = {Iranian Standard Persian Keyboard},
  publisher = {Persian Computing Community},
  year = {2014},
  url = {http://persian-computing.org/download/Iranian_Standard_Persian_Keyboard_(ISIRI_9147)_(Version_2.0).zip},
  urldate = {2014-06-02}
}
@online{agiledata:tdd,
  author = {Scott W. Ambler},
  title = {Introduction to Test Driven Development (TDD)},
  publisher = {Agile Data Website},
  year = {2013},
  url = {http://agiledata.org/essays/tdd.html},
  urldate = {2016-08-10}
}  